%YAML 1.1
%TAG !u! tag:unity3d.com,2011:
--- !u!1 &1289083633931759697
GameObject:
  m_ObjectHideFlags: 0
  m_CorrespondingSourceObject: {fileID: 0}
  m_PrefabInstance: {fileID: 0}
  m_PrefabAsset: {fileID: 0}
  serializedVersion: 6
  m_Component:
  - component: {fileID: 6688126051539246952}
  - component: {fileID: 7463057133359004016}
  - component: {fileID: 2863331254829740059}
  - component: {fileID: 8742743064236950877}
  - component: {fileID: 3594334078687177538}
  - component: {fileID: 6199076510239919309}
  - component: {fileID: 5517655841729750250}
  m_Layer: 6
  m_Name: banana_freeze_LOD2
  m_TagString: FreezeBanana
  m_Icon: {fileID: 0}
  m_NavMeshLayer: 0
  m_StaticEditorFlags: 0
  m_IsActive: 1
--- !u!4 &6688126051539246952
Transform:
  m_ObjectHideFlags: 0
  m_CorrespondingSourceObject: {fileID: 0}
  m_PrefabInstance: {fileID: 0}
  m_PrefabAsset: {fileID: 0}
  m_GameObject: {fileID: 1289083633931759697}
  serializedVersion: 2
  m_LocalRotation: {x: -0.5624222, y: 0.3036032, z: 0.23296289, w: 0.73296297}
  m_LocalPosition: {x: 25.516262, y: 1.8368016, z: 25.562485}
  m_LocalScale: {x: 1.1, y: 1.1, z: 1.1}
  m_ConstrainProportionsScale: 0
  m_Children:
  - {fileID: 6353397780080995333}
  m_Father: {fileID: 0}
  m_LocalEulerAnglesHint: {x: -75, y: 45, z: 0}
--- !u!33 &7463057133359004016
MeshFilter:
  m_ObjectHideFlags: 0
  m_CorrespondingSourceObject: {fileID: 0}
  m_PrefabInstance: {fileID: 0}
  m_PrefabAsset: {fileID: 0}
  m_GameObject: {fileID: 1289083633931759697}
  m_Mesh: {fileID: 4300000, guid: 498b529b9cf76f242a945fc353014e04, type: 2}
--- !u!23 &2863331254829740059
MeshRenderer:
  m_ObjectHideFlags: 0
  m_CorrespondingSourceObject: {fileID: 0}
  m_PrefabInstance: {fileID: 0}
  m_PrefabAsset: {fileID: 0}
  m_GameObject: {fileID: 1289083633931759697}
  m_Enabled: 0
  m_CastShadows: 1
  m_ReceiveShadows: 1
  m_DynamicOccludee: 1
  m_StaticShadowCaster: 0
  m_MotionVectors: 1
  m_LightProbeUsage: 1
  m_ReflectionProbeUsage: 1
  m_RayTracingMode: 2
  m_RayTraceProcedural: 0
  m_RenderingLayerMask: 1
  m_RendererPriority: 0
  m_Materials:
  - {fileID: 2100000, guid: 9013a2957631f7040a1e5c9fe823db1e, type: 2}
  m_StaticBatchInfo:
    firstSubMesh: 0
    subMeshCount: 0
  m_StaticBatchRoot: {fileID: 0}
  m_ProbeAnchor: {fileID: 0}
  m_LightProbeVolumeOverride: {fileID: 0}
  m_ScaleInLightmap: 1
  m_ReceiveGI: 1
  m_PreserveUVs: 0
  m_IgnoreNormalsForChartDetection: 0
  m_ImportantGI: 0
  m_StitchLightmapSeams: 1
  m_SelectedEditorRenderState: 3
  m_MinimumChartSize: 4
  m_AutoUVMaxDistance: 0.5
  m_AutoUVMaxAngle: 89
  m_LightmapParameters: {fileID: 0}
  m_SortingLayerID: 0
  m_SortingLayer: 0
  m_SortingOrder: 0
  m_AdditionalVertexStreams: {fileID: 0}
--- !u!54 &8742743064236950877
Rigidbody:
  m_ObjectHideFlags: 0
  m_CorrespondingSourceObject: {fileID: 0}
  m_PrefabInstance: {fileID: 0}
  m_PrefabAsset: {fileID: 0}
  m_GameObject: {fileID: 1289083633931759697}
  serializedVersion: 4
  m_Mass: 1
  m_Drag: 0
  m_AngularDrag: 0.2
  m_CenterOfMass: {x: 0, y: 0, z: 0}
  m_InertiaTensor: {x: 1, y: 1, z: 1}
  m_InertiaRotation: {x: 0, y: 0, z: 0, w: 1}
  m_IncludeLayers:
    serializedVersion: 2
    m_Bits: 0
  m_ExcludeLayers:
    serializedVersion: 2
    m_Bits: 0
  m_ImplicitCom: 1
  m_ImplicitTensor: 1
  m_UseGravity: 1
  m_IsKinematic: 0
  m_Interpolate: 1
  m_Constraints: 0
  m_CollisionDetection: 1
--- !u!136 &3594334078687177538
CapsuleCollider:
  m_ObjectHideFlags: 0
  m_CorrespondingSourceObject: {fileID: 0}
  m_PrefabInstance: {fileID: 0}
  m_PrefabAsset: {fileID: 0}
  m_GameObject: {fileID: 1289083633931759697}
  m_Material: {fileID: 0}
  m_IncludeLayers:
    serializedVersion: 2
    m_Bits: 0
  m_ExcludeLayers:
    serializedVersion: 2
    m_Bits: 0
  m_LayerOverridePriority: 0
  m_IsTrigger: 0
  m_ProvidesContacts: 0
  m_Enabled: 1
  serializedVersion: 2
  m_Radius: 0.03226834
  m_Height: 0.24
  m_Direction: 1
  m_Center: {x: 0.02, y: 0.01, z: -0.005473982}
--- !u!114 &6199076510239919309
MonoBehaviour:
  m_ObjectHideFlags: 0
  m_CorrespondingSourceObject: {fileID: 0}
  m_PrefabInstance: {fileID: 0}
  m_PrefabAsset: {fileID: 0}
  m_GameObject: {fileID: 1289083633931759697}
  m_Enabled: 1
  m_EditorHideFlags: 0
  m_Script: {fileID: 11500000, guid: 3b6501244c613244685e05adcefbedff, type: 3}
  m_Name: 
  m_EditorClassIdentifier: 
  fadeMode: 0
  animateCrossFading: 0
  autoCollectRenderers: 1
  simplificationOptions:
    PreserveBorderEdges: 0
    PreserveUVSeamEdges: 0
    PreserveUVFoldoverEdges: 0
    PreserveSurfaceCurvature: 0
    EnableSmartLink: 1
    VertexLinkDistance: 5e-324
    MaxIterationCount: 100
    Agressiveness: 7
    ManualUVComponentCount: 0
    UVComponentCount: 2
  saveAssetsPath: 
  levels:
  - screenRelativeTransitionHeight: 0.5
    fadeTransitionWidth: 0
    quality: 1
    combineMeshes: 0
    combineSubMeshes: 0
    renderers: []
    skinQuality: 0
    shadowCastingMode: 1
    receiveShadows: 1
    motionVectorGenerationMode: 1
    skinnedMotionVectors: 1
    lightProbeUsage: 1
    reflectionProbeUsage: 1
  - screenRelativeTransitionHeight: 0.17
    fadeTransitionWidth: 0
    quality: 0.1
    combineMeshes: 1
    combineSubMeshes: 0
    renderers: []
    skinQuality: 0
    shadowCastingMode: 1
    receiveShadows: 1
    motionVectorGenerationMode: 1
    skinnedMotionVectors: 1
    lightProbeUsage: 1
    reflectionProbeUsage: 3
  - screenRelativeTransitionHeight: 0.02
    fadeTransitionWidth: 0
    quality: 0.4225
    combineMeshes: 1
    combineSubMeshes: 1
    renderers: []
    skinQuality: 2
    shadowCastingMode: 0
    receiveShadows: 0
    motionVectorGenerationMode: 1
    skinnedMotionVectors: 0
    lightProbeUsage: 0
    reflectionProbeUsage: 0
  isGenerated: 1
--- !u!114 &5517655841729750250
MonoBehaviour:
  m_ObjectHideFlags: 0
  m_CorrespondingSourceObject: {fileID: 0}
  m_PrefabInstance: {fileID: 0}
  m_PrefabAsset: {fileID: 0}
  m_GameObject: {fileID: 1289083633931759697}
  m_Enabled: 1
  m_EditorHideFlags: 0
  m_Script: {fileID: 11500000, guid: 4e0eb9661dcb8ea4f8acb45586df32e4, type: 3}
  m_Name: 
  m_EditorClassIdentifier: 
  originalRenderers:
  - {fileID: 2863331254829740059}
--- !u!1 &9051420862969206731
GameObject:
  m_ObjectHideFlags: 0
  m_CorrespondingSourceObject: {fileID: 0}
  m_PrefabInstance: {fileID: 0}
  m_PrefabAsset: {fileID: 0}
  serializedVersion: 6
  m_Component:
  - component: {fileID: 6353397780080995333}
  - component: {fileID: 1380749147094031657}
  - component: {fileID: 2501735318579275987}
  m_Layer: 0
  m_Name: 000_static_banana_freeze_LOD0_combined_static
  m_TagString: Untagged
  m_Icon: {fileID: 0}
  m_NavMeshLayer: 0
  m_StaticEditorFlags: 0
  m_IsActive: 1
--- !u!4 &6353397780080995333
Transform:
  m_ObjectHideFlags: 0
  m_CorrespondingSourceObject: {fileID: 0}
  m_PrefabInstance: {fileID: 0}
  m_PrefabAsset: {fileID: 0}
  m_GameObject: {fileID: 9051420862969206731}
  serializedVersion: 2
  m_LocalRotation: {x: -0, y: -0, z: -0, w: 1}
  m_LocalPosition: {x: 0, y: 0, z: 0}
  m_LocalScale: {x: 1, y: 1, z: 1}
  m_ConstrainProportionsScale: 0
  m_Children: []
  m_Father: {fileID: 6688126051539246952}
  m_LocalEulerAnglesHint: {x: 0, y: 0, z: 0}
--- !u!33 &1380749147094031657
MeshFilter:
  m_ObjectHideFlags: 0
  m_CorrespondingSourceObject: {fileID: 0}
  m_PrefabInstance: {fileID: 0}
  m_PrefabAsset: {fileID: 0}
  m_GameObject: {fileID: 9051420862969206731}
  m_Mesh: {fileID: 4300000, guid: 498b529b9cf76f242a945fc353014e04, type: 2}
--- !u!23 &2501735318579275987
MeshRenderer:
  m_ObjectHideFlags: 0
  m_CorrespondingSourceObject: {fileID: 0}
  m_PrefabInstance: {fileID: 0}
  m_PrefabAsset: {fileID: 0}
  m_GameObject: {fileID: 9051420862969206731}
  m_Enabled: 1
  m_CastShadows: 1
  m_ReceiveShadows: 1
  m_DynamicOccludee: 1
  m_StaticShadowCaster: 0
  m_MotionVectors: 1
  m_LightProbeUsage: 1
  m_ReflectionProbeUsage: 3
  m_RayTracingMode: 2
  m_RayTraceProcedural: 0
  m_RenderingLayerMask: 1
  m_RendererPriority: 0
  m_Materials:
  - {fileID: 2100000, guid: 9013a2957631f7040a1e5c9fe823db1e, type: 2}
  m_StaticBatchInfo:
    firstSubMesh: 0
    subMeshCount: 0
  m_StaticBatchRoot: {fileID: 0}
  m_ProbeAnchor: {fileID: 0}
  m_LightProbeVolumeOverride: {fileID: 0}
  m_ScaleInLightmap: 1
  m_ReceiveGI: 1
  m_PreserveUVs: 0
  m_IgnoreNormalsForChartDetection: 0
  m_ImportantGI: 0
  m_StitchLightmapSeams: 1
  m_SelectedEditorRenderState: 3
  m_MinimumChartSize: 4
  m_AutoUVMaxDistance: 0.5
  m_AutoUVMaxAngle: 89
  m_LightmapParameters: {fileID: 0}
  m_SortingLayerID: 0
  m_SortingLayer: 0
  m_SortingOrder: 0
  m_AdditionalVertexStreams: {fileID: 0}
